%YAML 1.1
%TAG !u! tag:unity3d.com,2011:
--- !u!1 &1766698819803309267
GameObject:
  m_ObjectHideFlags: 0
  m_CorrespondingSourceObject: {fileID: 0}
  m_PrefabInstance: {fileID: 0}
  m_PrefabAsset: {fileID: 0}
  serializedVersion: 6
  m_Component:
  - component: {fileID: 1766698819803309266}
  m_Layer: 0
  m_Name: Named NPCs
  m_TagString: Untagged
  m_Icon: {fileID: 0}
  m_NavMeshLayer: 0
  m_StaticEditorFlags: 0
  m_IsActive: 1
--- !u!4 &1766698819803309266
Transform:
  m_ObjectHideFlags: 0
  m_CorrespondingSourceObject: {fileID: 0}
  m_PrefabInstance: {fileID: 0}
  m_PrefabAsset: {fileID: 0}
  m_GameObject: {fileID: 1766698819803309267}
  m_LocalRotation: {x: 0, y: 0, z: 0, w: 1}
  m_LocalPosition: {x: 0, y: 0, z: 0}
  m_LocalScale: {x: 1, y: 1, z: 1}
  m_Children:
  - {fileID: 6735769873467413197}
  - {fileID: 2639356717984177991}
  m_Father: {fileID: 4237324554788781452}
  m_RootOrder: 2
  m_LocalEulerAnglesHint: {x: 0, y: 0, z: 0}
--- !u!1 &4237324553700050977
GameObject:
  m_ObjectHideFlags: 0
  m_CorrespondingSourceObject: {fileID: 0}
  m_PrefabInstance: {fileID: 0}
  m_PrefabAsset: {fileID: 0}
  serializedVersion: 6
  m_Component:
  - component: {fileID: 4237324553700050976}
  m_Layer: 0
  m_Name: Common
  m_TagString: Untagged
  m_Icon: {fileID: 0}
  m_NavMeshLayer: 0
  m_StaticEditorFlags: 0
  m_IsActive: 1
--- !u!4 &4237324553700050976
Transform:
  m_ObjectHideFlags: 0
  m_CorrespondingSourceObject: {fileID: 0}
  m_PrefabInstance: {fileID: 0}
  m_PrefabAsset: {fileID: 0}
  m_GameObject: {fileID: 4237324553700050977}
  m_LocalRotation: {x: 0, y: 0, z: 0, w: 1}
  m_LocalPosition: {x: 0, y: 0, z: 0}
  m_LocalScale: {x: 1, y: 1, z: 1}
  m_Children:
  - {fileID: 2639356716780831705}
  - {fileID: 2639356717208351537}
  - {fileID: 4237324553511471896}
  - {fileID: 6735769873178509242}
  - {fileID: 2639356716718060832}
  m_Father: {fileID: 4237324554788781452}
  m_RootOrder: 1
  m_LocalEulerAnglesHint: {x: 0, y: 0, z: 0}
--- !u!1 &4237324553954621538
GameObject:
  m_ObjectHideFlags: 0
  m_CorrespondingSourceObject: {fileID: 0}
  m_PrefabInstance: {fileID: 0}
  m_PrefabAsset: {fileID: 0}
  serializedVersion: 6
  m_Component:
  - component: {fileID: 4237324553954621537}
  m_Layer: 0
  m_Name: Main
  m_TagString: Untagged
  m_Icon: {fileID: 0}
  m_NavMeshLayer: 0
  m_StaticEditorFlags: 0
  m_IsActive: 1
--- !u!4 &4237324553954621537
Transform:
  m_ObjectHideFlags: 0
  m_CorrespondingSourceObject: {fileID: 0}
  m_PrefabInstance: {fileID: 0}
  m_PrefabAsset: {fileID: 0}
  m_GameObject: {fileID: 4237324553954621538}
  m_LocalRotation: {x: 0, y: 0, z: 0, w: 1}
  m_LocalPosition: {x: 0, y: 0, z: 0}
  m_LocalScale: {x: 1, y: 1, z: 1}
  m_Children:
  - {fileID: 4237324554759091621}
  - {fileID: 6192498996033508075}
  m_Father: {fileID: 4237324554788781452}
  m_RootOrder: 0
  m_LocalEulerAnglesHint: {x: 0, y: 0, z: 0}
--- !u!1 &4237324554788781453
GameObject:
  m_ObjectHideFlags: 0
  m_CorrespondingSourceObject: {fileID: 0}
  m_PrefabInstance: {fileID: 0}
  m_PrefabAsset: {fileID: 0}
  serializedVersion: 6
  m_Component:
  - component: {fileID: 4237324554788781452}
  m_Layer: 0
  m_Name: Characters
  m_TagString: Untagged
  m_Icon: {fileID: 0}
  m_NavMeshLayer: 0
  m_StaticEditorFlags: 0
  m_IsActive: 1
--- !u!4 &4237324554788781452
Transform:
  m_ObjectHideFlags: 0
  m_CorrespondingSourceObject: {fileID: 0}
  m_PrefabInstance: {fileID: 0}
  m_PrefabAsset: {fileID: 0}
  m_GameObject: {fileID: 4237324554788781453}
  m_LocalRotation: {x: 0, y: 0, z: 0, w: 1}
  m_LocalPosition: {x: 0, y: 0, z: 0}
  m_LocalScale: {x: 1, y: 1, z: 1}
  m_Children:
  - {fileID: 4237324553954621537}
  - {fileID: 4237324553700050976}
  - {fileID: 1766698819803309266}
  m_Father: {fileID: 0}
  m_RootOrder: 0
  m_LocalEulerAnglesHint: {x: 0, y: 0, z: 0}
--- !u!1001 &2639356716431785611
PrefabInstance:
  m_ObjectHideFlags: 0
  serializedVersion: 2
  m_Modification:
    m_TransformParent: {fileID: 1766698819803309266}
    m_Modifications:
    - target: {fileID: 8780510675684863046, guid: 801095e43b831d14792ee1cd838e0b91,
        type: 3}
      propertyPath: m_LocalPosition.x
      value: 0
      objectReference: {fileID: 0}
    - target: {fileID: 8780510675684863046, guid: 801095e43b831d14792ee1cd838e0b91,
        type: 3}
      propertyPath: m_LocalPosition.y
      value: 0
      objectReference: {fileID: 0}
    - target: {fileID: 8780510675684863046, guid: 801095e43b831d14792ee1cd838e0b91,
        type: 3}
      propertyPath: m_LocalPosition.z
      value: 0
      objectReference: {fileID: 0}
    - target: {fileID: 8780510675684863046, guid: 801095e43b831d14792ee1cd838e0b91,
        type: 3}
      propertyPath: m_LocalRotation.x
      value: -0
      objectReference: {fileID: 0}
    - target: {fileID: 8780510675684863046, guid: 801095e43b831d14792ee1cd838e0b91,
        type: 3}
      propertyPath: m_LocalRotation.y
      value: -0
      objectReference: {fileID: 0}
    - target: {fileID: 8780510675684863046, guid: 801095e43b831d14792ee1cd838e0b91,
        type: 3}
      propertyPath: m_LocalRotation.z
      value: -0
      objectReference: {fileID: 0}
    - target: {fileID: 8780510675684863046, guid: 801095e43b831d14792ee1cd838e0b91,
        type: 3}
      propertyPath: m_LocalRotation.w
      value: 1
      objectReference: {fileID: 0}
    - target: {fileID: 8780510675684863046, guid: 801095e43b831d14792ee1cd838e0b91,
        type: 3}
      propertyPath: m_RootOrder
      value: 0
      objectReference: {fileID: 0}
    - target: {fileID: 8780510675684863046, guid: 801095e43b831d14792ee1cd838e0b91,
        type: 3}
      propertyPath: m_LocalEulerAnglesHint.x
      value: 0
      objectReference: {fileID: 0}
    - target: {fileID: 8780510675684863046, guid: 801095e43b831d14792ee1cd838e0b91,
        type: 3}
      propertyPath: m_LocalEulerAnglesHint.y
      value: 0
      objectReference: {fileID: 0}
    - target: {fileID: 8780510675684863046, guid: 801095e43b831d14792ee1cd838e0b91,
        type: 3}
      propertyPath: m_LocalEulerAnglesHint.z
      value: 0
      objectReference: {fileID: 0}
    - target: {fileID: 8780510675684863047, guid: 801095e43b831d14792ee1cd838e0b91,
        type: 3}
      propertyPath: m_Name
      value: Gozai
      objectReference: {fileID: 0}
    - target: {fileID: 8780510675684863049, guid: 801095e43b831d14792ee1cd838e0b91,
        type: 3}
      propertyPath: setSayDialog
      value: 
      objectReference: {fileID: 0}
    - target: {fileID: 8780510675684863049, guid: 801095e43b831d14792ee1cd838e0b91,
        type: 3}
      propertyPath: nameText
      value: Mashita
      objectReference: {fileID: 0}
    - target: {fileID: 8780510675684863049, guid: 801095e43b831d14792ee1cd838e0b91,
        type: 3}
      propertyPath: nameColor.r
      value: 0.735849
      objectReference: {fileID: 0}
    - target: {fileID: 8780510675684863049, guid: 801095e43b831d14792ee1cd838e0b91,
        type: 3}
      propertyPath: nameColor.g
      value: 0.7183167
      objectReference: {fileID: 0}
    - target: {fileID: 8780510675684863049, guid: 801095e43b831d14792ee1cd838e0b91,
        type: 3}
      propertyPath: nameColor.b
      value: 0
      objectReference: {fileID: 0}
    m_RemovedComponents: []
  m_SourcePrefab: {fileID: 100100000, guid: 801095e43b831d14792ee1cd838e0b91, type: 3}
--- !u!4 &6735769873467413197 stripped
Transform:
  m_CorrespondingSourceObject: {fileID: 8780510675684863046, guid: 801095e43b831d14792ee1cd838e0b91,
    type: 3}
  m_PrefabInstance: {fileID: 2639356716431785611}
  m_PrefabAsset: {fileID: 0}
--- !u!1001 &3144973081107220366
PrefabInstance:
  m_ObjectHideFlags: 0
  serializedVersion: 2
  m_Modification:
    m_TransformParent: {fileID: 4237324553700050976}
    m_Modifications:
    - target: {fileID: 8565691845258704939, guid: 6fdcb47b99fc59f4c915f3c409658a1f,
        type: 3}
      propertyPath: m_Name
      value: God
      objectReference: {fileID: 0}
    - target: {fileID: 8565691845258704948, guid: 6fdcb47b99fc59f4c915f3c409658a1f,
        type: 3}
      propertyPath: m_LocalPosition.x
      value: 0
      objectReference: {fileID: 0}
    - target: {fileID: 8565691845258704948, guid: 6fdcb47b99fc59f4c915f3c409658a1f,
        type: 3}
      propertyPath: m_LocalPosition.y
      value: 0
      objectReference: {fileID: 0}
    - target: {fileID: 8565691845258704948, guid: 6fdcb47b99fc59f4c915f3c409658a1f,
        type: 3}
      propertyPath: m_LocalPosition.z
      value: 0
      objectReference: {fileID: 0}
    - target: {fileID: 8565691845258704948, guid: 6fdcb47b99fc59f4c915f3c409658a1f,
        type: 3}
      propertyPath: m_LocalRotation.x
      value: -0
      objectReference: {fileID: 0}
    - target: {fileID: 8565691845258704948, guid: 6fdcb47b99fc59f4c915f3c409658a1f,
        type: 3}
      propertyPath: m_LocalRotation.y
      value: -0
      objectReference: {fileID: 0}
    - target: {fileID: 8565691845258704948, guid: 6fdcb47b99fc59f4c915f3c409658a1f,
        type: 3}
      propertyPath: m_LocalRotation.z
      value: -0
      objectReference: {fileID: 0}
    - target: {fileID: 8565691845258704948, guid: 6fdcb47b99fc59f4c915f3c409658a1f,
        type: 3}
      propertyPath: m_LocalRotation.w
      value: 1
      objectReference: {fileID: 0}
    - target: {fileID: 8565691845258704948, guid: 6fdcb47b99fc59f4c915f3c409658a1f,
        type: 3}
      propertyPath: m_RootOrder
      value: 3
      objectReference: {fileID: 0}
    - target: {fileID: 8565691845258704948, guid: 6fdcb47b99fc59f4c915f3c409658a1f,
        type: 3}
      propertyPath: m_LocalEulerAnglesHint.x
      value: 0
      objectReference: {fileID: 0}
    - target: {fileID: 8565691845258704948, guid: 6fdcb47b99fc59f4c915f3c409658a1f,
        type: 3}
      propertyPath: m_LocalEulerAnglesHint.y
      value: 0
      objectReference: {fileID: 0}
    - target: {fileID: 8565691845258704948, guid: 6fdcb47b99fc59f4c915f3c409658a1f,
        type: 3}
      propertyPath: m_LocalEulerAnglesHint.z
      value: 0
      objectReference: {fileID: 0}
    - target: {fileID: 8565691845258704949, guid: 6fdcb47b99fc59f4c915f3c409658a1f,
        type: 3}
      propertyPath: setSayDialog
      value: 
      objectReference: {fileID: 0}
    m_RemovedComponents: []
  m_SourcePrefab: {fileID: 100100000, guid: 6fdcb47b99fc59f4c915f3c409658a1f, type: 3}
--- !u!4 &6735769873178509242 stripped
Transform:
  m_CorrespondingSourceObject: {fileID: 8565691845258704948, guid: 6fdcb47b99fc59f4c915f3c409658a1f,
    type: 3}
  m_PrefabInstance: {fileID: 3144973081107220366}
  m_PrefabAsset: {fileID: 0}
--- !u!1001 &3622141217599362437
PrefabInstance:
  m_ObjectHideFlags: 0
  serializedVersion: 2
  m_Modification:
    m_TransformParent: {fileID: 4237324553954621537}
    m_Modifications:
    - target: {fileID: 615425264381009952, guid: 88dfba8f3ba25b7468bcc20a71ec36bb,
        type: 3}
      propertyPath: m_LocalPosition.x
      value: 0
      objectReference: {fileID: 0}
    - target: {fileID: 615425264381009952, guid: 88dfba8f3ba25b7468bcc20a71ec36bb,
        type: 3}
      propertyPath: m_LocalPosition.y
      value: 0
      objectReference: {fileID: 0}
    - target: {fileID: 615425264381009952, guid: 88dfba8f3ba25b7468bcc20a71ec36bb,
        type: 3}
      propertyPath: m_LocalPosition.z
      value: 0
      objectReference: {fileID: 0}
    - target: {fileID: 615425264381009952, guid: 88dfba8f3ba25b7468bcc20a71ec36bb,
        type: 3}
      propertyPath: m_LocalRotation.x
      value: 0
      objectReference: {fileID: 0}
    - target: {fileID: 615425264381009952, guid: 88dfba8f3ba25b7468bcc20a71ec36bb,
        type: 3}
      propertyPath: m_LocalRotation.y
      value: 0
      objectReference: {fileID: 0}
    - target: {fileID: 615425264381009952, guid: 88dfba8f3ba25b7468bcc20a71ec36bb,
        type: 3}
      propertyPath: m_LocalRotation.z
      value: 0
      objectReference: {fileID: 0}
    - target: {fileID: 615425264381009952, guid: 88dfba8f3ba25b7468bcc20a71ec36bb,
        type: 3}
      propertyPath: m_LocalRotation.w
      value: 1
      objectReference: {fileID: 0}
    - target: {fileID: 615425264381009952, guid: 88dfba8f3ba25b7468bcc20a71ec36bb,
        type: 3}
      propertyPath: m_RootOrder
      value: 0
      objectReference: {fileID: 0}
    - target: {fileID: 615425264381009952, guid: 88dfba8f3ba25b7468bcc20a71ec36bb,
        type: 3}
      propertyPath: m_LocalEulerAnglesHint.x
      value: 0
      objectReference: {fileID: 0}
    - target: {fileID: 615425264381009952, guid: 88dfba8f3ba25b7468bcc20a71ec36bb,
        type: 3}
      propertyPath: m_LocalEulerAnglesHint.y
      value: 0
      objectReference: {fileID: 0}
    - target: {fileID: 615425264381009952, guid: 88dfba8f3ba25b7468bcc20a71ec36bb,
        type: 3}
      propertyPath: m_LocalEulerAnglesHint.z
      value: 0
      objectReference: {fileID: 0}
    - target: {fileID: 615425264381009953, guid: 88dfba8f3ba25b7468bcc20a71ec36bb,
        type: 3}
      propertyPath: setSayDialog
      value: 
      objectReference: {fileID: 0}
    - target: {fileID: 615425264381009955, guid: 88dfba8f3ba25b7468bcc20a71ec36bb,
        type: 3}
      propertyPath: m_Name
      value: Motoko
      objectReference: {fileID: 0}
    m_RemovedComponents: []
  m_SourcePrefab: {fileID: 100100000, guid: 88dfba8f3ba25b7468bcc20a71ec36bb, type: 3}
--- !u!4 &4237324554759091621 stripped
Transform:
  m_CorrespondingSourceObject: {fileID: 615425264381009952, guid: 88dfba8f3ba25b7468bcc20a71ec36bb,
    type: 3}
  m_PrefabInstance: {fileID: 3622141217599362437}
  m_PrefabAsset: {fileID: 0}
--- !u!1001 &6735769873017466783
PrefabInstance:
  m_ObjectHideFlags: 0
  serializedVersion: 2
  m_Modification:
    m_TransformParent: {fileID: 4237324553700050976}
    m_Modifications:
    - target: {fileID: 8780510675684863046, guid: 801095e43b831d14792ee1cd838e0b91,
        type: 3}
      propertyPath: m_LocalPosition.x
      value: 0
      objectReference: {fileID: 0}
    - target: {fileID: 8780510675684863046, guid: 801095e43b831d14792ee1cd838e0b91,
        type: 3}
      propertyPath: m_LocalPosition.y
      value: 0
      objectReference: {fileID: 0}
    - target: {fileID: 8780510675684863046, guid: 801095e43b831d14792ee1cd838e0b91,
        type: 3}
      propertyPath: m_LocalPosition.z
      value: 0
      objectReference: {fileID: 0}
    - target: {fileID: 8780510675684863046, guid: 801095e43b831d14792ee1cd838e0b91,
        type: 3}
      propertyPath: m_LocalRotation.x
      value: -0
      objectReference: {fileID: 0}
    - target: {fileID: 8780510675684863046, guid: 801095e43b831d14792ee1cd838e0b91,
        type: 3}
      propertyPath: m_LocalRotation.y
      value: -0
      objectReference: {fileID: 0}
    - target: {fileID: 8780510675684863046, guid: 801095e43b831d14792ee1cd838e0b91,
        type: 3}
      propertyPath: m_LocalRotation.z
      value: -0
      objectReference: {fileID: 0}
    - target: {fileID: 8780510675684863046, guid: 801095e43b831d14792ee1cd838e0b91,
        type: 3}
      propertyPath: m_LocalRotation.w
      value: 1
      objectReference: {fileID: 0}
    - target: {fileID: 8780510675684863046, guid: 801095e43b831d14792ee1cd838e0b91,
        type: 3}
      propertyPath: m_RootOrder
      value: 0
      objectReference: {fileID: 0}
    - target: {fileID: 8780510675684863046, guid: 801095e43b831d14792ee1cd838e0b91,
        type: 3}
      propertyPath: m_LocalEulerAnglesHint.x
      value: 0
      objectReference: {fileID: 0}
    - target: {fileID: 8780510675684863046, guid: 801095e43b831d14792ee1cd838e0b91,
        type: 3}
      propertyPath: m_LocalEulerAnglesHint.y
      value: 0
      objectReference: {fileID: 0}
    - target: {fileID: 8780510675684863046, guid: 801095e43b831d14792ee1cd838e0b91,
        type: 3}
      propertyPath: m_LocalEulerAnglesHint.z
      value: 0
      objectReference: {fileID: 0}
    - target: {fileID: 8780510675684863047, guid: 801095e43b831d14792ee1cd838e0b91,
        type: 3}
      propertyPath: m_Name
      value: Man
      objectReference: {fileID: 0}
    - target: {fileID: 8780510675684863049, guid: 801095e43b831d14792ee1cd838e0b91,
        type: 3}
      propertyPath: setSayDialog
      value: 
      objectReference: {fileID: 0}
    - target: {fileID: 8780510675684863049, guid: 801095e43b831d14792ee1cd838e0b91,
        type: 3}
      propertyPath: nameColor.r
      value: 1
      objectReference: {fileID: 0}
    - target: {fileID: 8780510675684863049, guid: 801095e43b831d14792ee1cd838e0b91,
        type: 3}
      propertyPath: nameColor.g
      value: 1
      objectReference: {fileID: 0}
    - target: {fileID: 8780510675684863049, guid: 801095e43b831d14792ee1cd838e0b91,
        type: 3}
      propertyPath: nameColor.b
      value: 1
      objectReference: {fileID: 0}
    - target: {fileID: 8780510675684863049, guid: 801095e43b831d14792ee1cd838e0b91,
        type: 3}
      propertyPath: nameText
      value: Man
      objectReference: {fileID: 0}
    m_RemovedComponents: []
  m_SourcePrefab: {fileID: 100100000, guid: 801095e43b831d14792ee1cd838e0b91, type: 3}
--- !u!4 &2639356716780831705 stripped
Transform:
  m_CorrespondingSourceObject: {fileID: 8780510675684863046, guid: 801095e43b831d14792ee1cd838e0b91,
    type: 3}
  m_PrefabInstance: {fileID: 6735769873017466783}
  m_PrefabAsset: {fileID: 0}
--- !u!1001 &6735769873206335846
PrefabInstance:
  m_ObjectHideFlags: 0
  serializedVersion: 2
  m_Modification:
    m_TransformParent: {fileID: 4237324553700050976}
    m_Modifications:
    - target: {fileID: 8780510675684863046, guid: 801095e43b831d14792ee1cd838e0b91,
        type: 3}
      propertyPath: m_LocalPosition.x
      value: 0
      objectReference: {fileID: 0}
    - target: {fileID: 8780510675684863046, guid: 801095e43b831d14792ee1cd838e0b91,
        type: 3}
      propertyPath: m_LocalPosition.y
      value: 0
      objectReference: {fileID: 0}
    - target: {fileID: 8780510675684863046, guid: 801095e43b831d14792ee1cd838e0b91,
        type: 3}
      propertyPath: m_LocalPosition.z
      value: 0
      objectReference: {fileID: 0}
    - target: {fileID: 8780510675684863046, guid: 801095e43b831d14792ee1cd838e0b91,
        type: 3}
      propertyPath: m_LocalRotation.x
      value: -0
      objectReference: {fileID: 0}
    - target: {fileID: 8780510675684863046, guid: 801095e43b831d14792ee1cd838e0b91,
        type: 3}
      propertyPath: m_LocalRotation.y
      value: -0
      objectReference: {fileID: 0}
    - target: {fileID: 8780510675684863046, guid: 801095e43b831d14792ee1cd838e0b91,
        type: 3}
      propertyPath: m_LocalRotation.z
      value: -0
      objectReference: {fileID: 0}
    - target: {fileID: 8780510675684863046, guid: 801095e43b831d14792ee1cd838e0b91,
        type: 3}
      propertyPath: m_LocalRotation.w
      value: 1
      objectReference: {fileID: 0}
    - target: {fileID: 8780510675684863046, guid: 801095e43b831d14792ee1cd838e0b91,
        type: 3}
      propertyPath: m_RootOrder
      value: 4
      objectReference: {fileID: 0}
    - target: {fileID: 8780510675684863046, guid: 801095e43b831d14792ee1cd838e0b91,
        type: 3}
      propertyPath: m_LocalEulerAnglesHint.x
      value: 0
      objectReference: {fileID: 0}
    - target: {fileID: 8780510675684863046, guid: 801095e43b831d14792ee1cd838e0b91,
        type: 3}
      propertyPath: m_LocalEulerAnglesHint.y
      value: 0
      objectReference: {fileID: 0}
    - target: {fileID: 8780510675684863046, guid: 801095e43b831d14792ee1cd838e0b91,
        type: 3}
      propertyPath: m_LocalEulerAnglesHint.z
      value: 0
      objectReference: {fileID: 0}
    - target: {fileID: 8780510675684863047, guid: 801095e43b831d14792ee1cd838e0b91,
        type: 3}
      propertyPath: m_Name
      value: Rook
      objectReference: {fileID: 0}
    - target: {fileID: 8780510675684863049, guid: 801095e43b831d14792ee1cd838e0b91,
        type: 3}
      propertyPath: setSayDialog
      value: 
      objectReference: {fileID: 0}
    - target: {fileID: 8780510675684863049, guid: 801095e43b831d14792ee1cd838e0b91,
        type: 3}
      propertyPath: nameColor.r
      value: 1
      objectReference: {fileID: 0}
    - target: {fileID: 8780510675684863049, guid: 801095e43b831d14792ee1cd838e0b91,
        type: 3}
      propertyPath: nameColor.g
      value: 1
      objectReference: {fileID: 0}
    - target: {fileID: 8780510675684863049, guid: 801095e43b831d14792ee1cd838e0b91,
        type: 3}
      propertyPath: nameColor.b
      value: 1
      objectReference: {fileID: 0}
    - target: {fileID: 8780510675684863049, guid: 801095e43b831d14792ee1cd838e0b91,
        type: 3}
      propertyPath: nameText
      value: Rook
      objectReference: {fileID: 0}
    m_RemovedComponents: []
  m_SourcePrefab: {fileID: 100100000, guid: 801095e43b831d14792ee1cd838e0b91, type: 3}
--- !u!4 &2639356716718060832 stripped
Transform:
  m_CorrespondingSourceObject: {fileID: 8780510675684863046, guid: 801095e43b831d14792ee1cd838e0b91,
    type: 3}
  m_PrefabInstance: {fileID: 6735769873206335846}
  m_PrefabAsset: {fileID: 0}
--- !u!1001 &6735769873928188673
PrefabInstance:
  m_ObjectHideFlags: 0
  serializedVersion: 2
  m_Modification:
    m_TransformParent: {fileID: 1766698819803309266}
    m_Modifications:
    - target: {fileID: 8780510675684863046, guid: 801095e43b831d14792ee1cd838e0b91,
        type: 3}
      propertyPath: m_LocalPosition.x
      value: 0
      objectReference: {fileID: 0}
    - target: {fileID: 8780510675684863046, guid: 801095e43b831d14792ee1cd838e0b91,
        type: 3}
      propertyPath: m_LocalPosition.y
      value: 0
      objectReference: {fileID: 0}
    - target: {fileID: 8780510675684863046, guid: 801095e43b831d14792ee1cd838e0b91,
        type: 3}
      propertyPath: m_LocalPosition.z
      value: 0
      objectReference: {fileID: 0}
    - target: {fileID: 8780510675684863046, guid: 801095e43b831d14792ee1cd838e0b91,
        type: 3}
      propertyPath: m_LocalRotation.x
      value: -0
      objectReference: {fileID: 0}
    - target: {fileID: 8780510675684863046, guid: 801095e43b831d14792ee1cd838e0b91,
        type: 3}
      propertyPath: m_LocalRotation.y
      value: -0
      objectReference: {fileID: 0}
    - target: {fileID: 8780510675684863046, guid: 801095e43b831d14792ee1cd838e0b91,
        type: 3}
      propertyPath: m_LocalRotation.z
      value: -0
      objectReference: {fileID: 0}
    - target: {fileID: 8780510675684863046, guid: 801095e43b831d14792ee1cd838e0b91,
        type: 3}
      propertyPath: m_LocalRotation.w
      value: 1
      objectReference: {fileID: 0}
    - target: {fileID: 8780510675684863046, guid: 801095e43b831d14792ee1cd838e0b91,
        type: 3}
      propertyPath: m_RootOrder
      value: 1
      objectReference: {fileID: 0}
    - target: {fileID: 8780510675684863046, guid: 801095e43b831d14792ee1cd838e0b91,
        type: 3}
      propertyPath: m_LocalEulerAnglesHint.x
      value: 0
      objectReference: {fileID: 0}
    - target: {fileID: 8780510675684863046, guid: 801095e43b831d14792ee1cd838e0b91,
        type: 3}
      propertyPath: m_LocalEulerAnglesHint.y
      value: 0
      objectReference: {fileID: 0}
    - target: {fileID: 8780510675684863046, guid: 801095e43b831d14792ee1cd838e0b91,
        type: 3}
      propertyPath: m_LocalEulerAnglesHint.z
      value: 0
      objectReference: {fileID: 0}
    - target: {fileID: 8780510675684863047, guid: 801095e43b831d14792ee1cd838e0b91,
        type: 3}
      propertyPath: m_Name
      value: Father
      objectReference: {fileID: 0}
    - target: {fileID: 8780510675684863049, guid: 801095e43b831d14792ee1cd838e0b91,
        type: 3}
      propertyPath: setSayDialog
      value: 
      objectReference: {fileID: 0}
    - target: {fileID: 8780510675684863049, guid: 801095e43b831d14792ee1cd838e0b91,
        type: 3}
      propertyPath: nameText
      value: Father
      objectReference: {fileID: 0}
    - target: {fileID: 8780510675684863049, guid: 801095e43b831d14792ee1cd838e0b91,
        type: 3}
      propertyPath: nameColor.r
      value: 0.8679245
      objectReference: {fileID: 0}
    - target: {fileID: 8780510675684863049, guid: 801095e43b831d14792ee1cd838e0b91,
        type: 3}
      propertyPath: nameColor.g
      value: 0.68002
      objectReference: {fileID: 0}
    - target: {fileID: 8780510675684863049, guid: 801095e43b831d14792ee1cd838e0b91,
        type: 3}
      propertyPath: nameColor.b
      value: 0.29067284
      objectReference: {fileID: 0}
    m_RemovedComponents: []
  m_SourcePrefab: {fileID: 100100000, guid: 801095e43b831d14792ee1cd838e0b91, type: 3}
--- !u!4 &2639356717984177991 stripped
Transform:
  m_CorrespondingSourceObject: {fileID: 8780510675684863046, guid: 801095e43b831d14792ee1cd838e0b91,
    type: 3}
  m_PrefabInstance: {fileID: 6735769873928188673}
  m_PrefabAsset: {fileID: 0}
--- !u!1001 &6735769874830073719
PrefabInstance:
  m_ObjectHideFlags: 0
  serializedVersion: 2
  m_Modification:
    m_TransformParent: {fileID: 4237324553700050976}
    m_Modifications:
    - target: {fileID: 8780510675684863046, guid: 801095e43b831d14792ee1cd838e0b91,
        type: 3}
      propertyPath: m_LocalPosition.x
      value: 0
      objectReference: {fileID: 0}
    - target: {fileID: 8780510675684863046, guid: 801095e43b831d14792ee1cd838e0b91,
        type: 3}
      propertyPath: m_LocalPosition.y
      value: 0
      objectReference: {fileID: 0}
    - target: {fileID: 8780510675684863046, guid: 801095e43b831d14792ee1cd838e0b91,
        type: 3}
      propertyPath: m_LocalPosition.z
      value: 0
      objectReference: {fileID: 0}
    - target: {fileID: 8780510675684863046, guid: 801095e43b831d14792ee1cd838e0b91,
        type: 3}
      propertyPath: m_LocalRotation.x
      value: -0
      objectReference: {fileID: 0}
    - target: {fileID: 8780510675684863046, guid: 801095e43b831d14792ee1cd838e0b91,
        type: 3}
      propertyPath: m_LocalRotation.y
      value: -0
      objectReference: {fileID: 0}
    - target: {fileID: 8780510675684863046, guid: 801095e43b831d14792ee1cd838e0b91,
        type: 3}
      propertyPath: m_LocalRotation.z
      value: -0
      objectReference: {fileID: 0}
    - target: {fileID: 8780510675684863046, guid: 801095e43b831d14792ee1cd838e0b91,
        type: 3}
      propertyPath: m_LocalRotation.w
      value: 1
      objectReference: {fileID: 0}
    - target: {fileID: 8780510675684863046, guid: 801095e43b831d14792ee1cd838e0b91,
        type: 3}
      propertyPath: m_RootOrder
      value: 1
      objectReference: {fileID: 0}
    - target: {fileID: 8780510675684863046, guid: 801095e43b831d14792ee1cd838e0b91,
        type: 3}
      propertyPath: m_LocalEulerAnglesHint.x
      value: 0
      objectReference: {fileID: 0}
    - target: {fileID: 8780510675684863046, guid: 801095e43b831d14792ee1cd838e0b91,
        type: 3}
      propertyPath: m_LocalEulerAnglesHint.y
      value: 0
      objectReference: {fileID: 0}
    - target: {fileID: 8780510675684863046, guid: 801095e43b831d14792ee1cd838e0b91,
        type: 3}
      propertyPath: m_LocalEulerAnglesHint.z
      value: 0
      objectReference: {fileID: 0}
    - target: {fileID: 8780510675684863047, guid: 801095e43b831d14792ee1cd838e0b91,
        type: 3}
      propertyPath: m_Name
      value: Woman
      objectReference: {fileID: 0}
    - target: {fileID: 8780510675684863049, guid: 801095e43b831d14792ee1cd838e0b91,
        type: 3}
      propertyPath: setSayDialog
      value: 
      objectReference: {fileID: 0}
    - target: {fileID: 8780510675684863049, guid: 801095e43b831d14792ee1cd838e0b91,
        type: 3}
      propertyPath: nameColor.r
      value: 1
      objectReference: {fileID: 0}
    - target: {fileID: 8780510675684863049, guid: 801095e43b831d14792ee1cd838e0b91,
        type: 3}
      propertyPath: nameColor.g
      value: 1
      objectReference: {fileID: 0}
    - target: {fileID: 8780510675684863049, guid: 801095e43b831d14792ee1cd838e0b91,
        type: 3}
      propertyPath: nameColor.b
      value: 1
      objectReference: {fileID: 0}
    - target: {fileID: 8780510675684863049, guid: 801095e43b831d14792ee1cd838e0b91,
        type: 3}
      propertyPath: nameText
      value: Woman
      objectReference: {fileID: 0}
    m_RemovedComponents: []
  m_SourcePrefab: {fileID: 100100000, guid: 801095e43b831d14792ee1cd838e0b91, type: 3}
--- !u!4 &2639356717208351537 stripped
Transform:
  m_CorrespondingSourceObject: {fileID: 8780510675684863046, guid: 801095e43b831d14792ee1cd838e0b91,
    type: 3}
  m_PrefabInstance: {fileID: 6735769874830073719}
  m_PrefabAsset: {fileID: 0}
--- !u!1001 &6735769874992296651
PrefabInstance:
  m_ObjectHideFlags: 0
  serializedVersion: 2
  m_Modification:
    m_TransformParent: {fileID: 4237324553954621537}
    m_Modifications:
    - target: {fileID: 615425264381009952, guid: 88dfba8f3ba25b7468bcc20a71ec36bb,
        type: 3}
      propertyPath: m_LocalPosition.x
      value: 0
      objectReference: {fileID: 0}
    - target: {fileID: 615425264381009952, guid: 88dfba8f3ba25b7468bcc20a71ec36bb,
        type: 3}
      propertyPath: m_LocalPosition.y
      value: 0
      objectReference: {fileID: 0}
    - target: {fileID: 615425264381009952, guid: 88dfba8f3ba25b7468bcc20a71ec36bb,
        type: 3}
      propertyPath: m_LocalPosition.z
      value: 0
      objectReference: {fileID: 0}
    - target: {fileID: 615425264381009952, guid: 88dfba8f3ba25b7468bcc20a71ec36bb,
        type: 3}
      propertyPath: m_LocalRotation.x
      value: 0
      objectReference: {fileID: 0}
    - target: {fileID: 615425264381009952, guid: 88dfba8f3ba25b7468bcc20a71ec36bb,
        type: 3}
      propertyPath: m_LocalRotation.y
      value: 0
      objectReference: {fileID: 0}
    - target: {fileID: 615425264381009952, guid: 88dfba8f3ba25b7468bcc20a71ec36bb,
        type: 3}
      propertyPath: m_LocalRotation.z
      value: 0
      objectReference: {fileID: 0}
    - target: {fileID: 615425264381009952, guid: 88dfba8f3ba25b7468bcc20a71ec36bb,
        type: 3}
      propertyPath: m_LocalRotation.w
      value: 1
      objectReference: {fileID: 0}
    - target: {fileID: 615425264381009952, guid: 88dfba8f3ba25b7468bcc20a71ec36bb,
        type: 3}
      propertyPath: m_RootOrder
      value: 1
      objectReference: {fileID: 0}
    - target: {fileID: 615425264381009952, guid: 88dfba8f3ba25b7468bcc20a71ec36bb,
        type: 3}
      propertyPath: m_LocalEulerAnglesHint.x
      value: 0
      objectReference: {fileID: 0}
    - target: {fileID: 615425264381009952, guid: 88dfba8f3ba25b7468bcc20a71ec36bb,
        type: 3}
      propertyPath: m_LocalEulerAnglesHint.y
      value: 0
      objectReference: {fileID: 0}
    - target: {fileID: 615425264381009952, guid: 88dfba8f3ba25b7468bcc20a71ec36bb,
        type: 3}
      propertyPath: m_LocalEulerAnglesHint.z
      value: 0
      objectReference: {fileID: 0}
    - target: {fileID: 615425264381009953, guid: 88dfba8f3ba25b7468bcc20a71ec36bb,
        type: 3}
      propertyPath: setSayDialog
      value: 
      objectReference: {fileID: 0}
    - target: {fileID: 615425264381009953, guid: 88dfba8f3ba25b7468bcc20a71ec36bb,
        type: 3}
      propertyPath: nameColor.r
      value: 0.2688679
      objectReference: {fileID: 0}
    - target: {fileID: 615425264381009953, guid: 88dfba8f3ba25b7468bcc20a71ec36bb,
        type: 3}
      propertyPath: nameColor.g
      value: 0.6617473
      objectReference: {fileID: 0}
    - target: {fileID: 615425264381009953, guid: 88dfba8f3ba25b7468bcc20a71ec36bb,
        type: 3}
      propertyPath: nameColor.b
      value: 1
      objectReference: {fileID: 0}
    - target: {fileID: 615425264381009953, guid: 88dfba8f3ba25b7468bcc20a71ec36bb,
        type: 3}
      propertyPath: nameText
      value: Reina
      objectReference: {fileID: 0}
    - target: {fileID: 615425264381009955, guid: 88dfba8f3ba25b7468bcc20a71ec36bb,
        type: 3}
      propertyPath: m_Name
      value: Reina
      objectReference: {fileID: 0}
    m_RemovedComponents: []
  m_SourcePrefab: {fileID: 100100000, guid: 88dfba8f3ba25b7468bcc20a71ec36bb, type: 3}
--- !u!4 &6192498996033508075 stripped
Transform:
  m_CorrespondingSourceObject: {fileID: 615425264381009952, guid: 88dfba8f3ba25b7468bcc20a71ec36bb,
    type: 3}
  m_PrefabInstance: {fileID: 6735769874992296651}
  m_PrefabAsset: {fileID: 0}
--- !u!1001 &7675606150056363732
PrefabInstance:
  m_ObjectHideFlags: 0
  serializedVersion: 2
  m_Modification:
    m_TransformParent: {fileID: 4237324553700050976}
    m_Modifications:
    - target: {fileID: 5785783135383735755, guid: b5d484d36d04e254fa57562a1eedf5a8,
        type: 3}
      propertyPath: setSayDialog
      value: 
      objectReference: {fileID: 0}
    - target: {fileID: 5785783135383735756, guid: b5d484d36d04e254fa57562a1eedf5a8,
        type: 3}
      propertyPath: m_LocalPosition.x
      value: 0
      objectReference: {fileID: 0}
    - target: {fileID: 5785783135383735756, guid: b5d484d36d04e254fa57562a1eedf5a8,
        type: 3}
      propertyPath: m_LocalPosition.y
      value: 0
      objectReference: {fileID: 0}
    - target: {fileID: 5785783135383735756, guid: b5d484d36d04e254fa57562a1eedf5a8,
        type: 3}
      propertyPath: m_LocalPosition.z
      value: 0
      objectReference: {fileID: 0}
    - target: {fileID: 5785783135383735756, guid: b5d484d36d04e254fa57562a1eedf5a8,
        type: 3}
      propertyPath: m_LocalRotation.x
      value: -0
      objectReference: {fileID: 0}
    - target: {fileID: 5785783135383735756, guid: b5d484d36d04e254fa57562a1eedf5a8,
        type: 3}
      propertyPath: m_LocalRotation.y
      value: -0
      objectReference: {fileID: 0}
    - target: {fileID: 5785783135383735756, guid: b5d484d36d04e254fa57562a1eedf5a8,
        type: 3}
      propertyPath: m_LocalRotation.z
      value: -0
      objectReference: {fileID: 0}
    - target: {fileID: 5785783135383735756, guid: b5d484d36d04e254fa57562a1eedf5a8,
        type: 3}
      propertyPath: m_LocalRotation.w
      value: 1
      objectReference: {fileID: 0}
    - target: {fileID: 5785783135383735756, guid: b5d484d36d04e254fa57562a1eedf5a8,
        type: 3}
      propertyPath: m_RootOrder
      value: 2
      objectReference: {fileID: 0}
    - target: {fileID: 5785783135383735756, guid: b5d484d36d04e254fa57562a1eedf5a8,
        type: 3}
      propertyPath: m_LocalEulerAnglesHint.x
      value: 0
      objectReference: {fileID: 0}
    - target: {fileID: 5785783135383735756, guid: b5d484d36d04e254fa57562a1eedf5a8,
        type: 3}
      propertyPath: m_LocalEulerAnglesHint.y
      value: 0
      objectReference: {fileID: 0}
    - target: {fileID: 5785783135383735756, guid: b5d484d36d04e254fa57562a1eedf5a8,
        type: 3}
      propertyPath: m_LocalEulerAnglesHint.z
      value: 0
      objectReference: {fileID: 0}
    - target: {fileID: 5785783135383735757, guid: b5d484d36d04e254fa57562a1eedf5a8,
        type: 3}
      propertyPath: m_Name
      value: Narrator
      objectReference: {fileID: 0}
    m_RemovedComponents: []
  m_SourcePrefab: {fileID: 100100000, guid: b5d484d36d04e254fa57562a1eedf5a8, type: 3}
--- !u!4 &4237324553511471896 stripped
Transform:
  m_CorrespondingSourceObject: {fileID: 5785783135383735756, guid: b5d484d36d04e254fa57562a1eedf5a8,
    type: 3}
  m_PrefabInstance: {fileID: 7675606150056363732}
  m_PrefabAsset: {fileID: 0}
